@article{riley,
	author = {Riley, Richard D and Ensor, Joie and Snell, Kym I E and Harrell, Frank E and Martin, Glen P and Reitsma, Johannes B and Moons, Karel G M and Collins, Gary and van Smeden, Maarten},
	journal = {BMJ},
	title = {Calculating the sample size required for developing a clinical prediction model},
	volume = {368},
	year = {2020}}

@article{ruben,
    author = {van den Goorbergh, Ruben and van Smeden, Maarten and Timmerman, Dirk and Van Calster, Ben},
    title = "{The harm of class imbalance corrections for risk prediction models: illustration and simulation using logistic regression}",
    journal = {Journal of the American Medical Informatics Association},
    volume = {29},
    number = {9},
    pages = {1525-1534},
    year = {2022},
    month = {06},
    issn = {1527-974X},
    doi = {10.1093/jamia/ocac093},
    url = {https://doi.org/10.1093/jamia/ocac093},
    eprint = {https://academic.oup.com/jamia/article-pdf/29/9/1525/45444435/ocac093.pdf},
}
	
@article{mvauc,
	author = {Demler, Olga V. and Pencina, Michael J. and D'Agostino Sr., Ralph B.},
	journal = {Statistics in Medicine},
	number = {12},
	pages = {1410-1418},
	title = {Equivalence of improvement in area under ROC curve and linear discriminant analysis coefficient under assumption of normality},
	volume = {30},
	year = {2011}
}


@article{auc_se,
	author = {Hanley, J A and McNeil, B J},
	journal = {Radiology},
	number = {1},
	pages = {29-36},
	title = {The meaning and use of the area under a receiver operating characteristic (ROC) curve.},
	volume = {143},
	year = {1982}
}
