@Manual{base,
    title = {R: A Language and Environment for Statistical Computing},
    author = {{R Core Team}},
    organization = {R Foundation for Statistical Computing},
    address = {Vienna, Austria},
    year = {2021},
    url = {https://www.R-project.org/},
  }
  
@article{achilles,
	author = {Van Calster, Ben and McLernon, David J. and van Smeden, Maarten and Wynants, Laure and Steyerberg, Ewout W. and Bossuyt, Patrick and Collins, Gary S. and Macaskill, Petra and McLernon, David J. and Moons, Karel G. M. and Steyerberg, Ewout W. and Vickers, Andrew J. and On behalf of Topic Group `Evaluating diagnostic tests and prediction models'of the STRATOS initiative},
	da = {2019/12/16},
	date-added = {2022-10-02 09:39:16 +0200},
	date-modified = {2022-10-02 09:39:32 +0200},
	doi = {10.1186/s12916-019-1466-7},
	id = {Van Calster2019},
	isbn = {1741-7015},
	journal = {BMC Medicine},
	number = {1},
	pages = {230},
	rating = {5},
	read = {1},
	title = {Calibration: the Achilles heel of predictive analytics},
	ty = {JOUR},
	url = {https://doi.org/10.1186/s12916-019-1466-7},
	volume = {17},
	year = {2019},
	Bdsk-Url-1 = {https://doi.org/10.1186/s12916-019-1466-7}}

@article{summary_m,
	author = {Maheshwari, Satyam and Jain, R.C. and Jadon, R.S.},
	journal = {Journal of Computer Science},
	month = {May},
	number = {6},
	pages = {777-792},
	title = {An Insight into Rare Class Problem: Analysis and Potential Solutions},
	volume = {14},
	year = {2018}}

@article{summary_lp,
	author = {Victoria Lopez and Alberto Fernandez and Salvador Garcia and Vasile Palade and Francisco Herrera},
	journal = {Information Sciences},
	pages = {113-141},
	title = {An insight into classification with imbalanced data: Empirical results and current trends on using data intrinsic characteristics},
	volume = {250},
	year = {2013}}

@article{ruben,
    author = {van den Goorbergh, Ruben and van Smeden, Maarten and Timmerman, Dirk and Van Calster, Ben},
    title = "{The harm of class imbalance corrections for risk prediction models: illustration and simulation using logistic regression}",
    journal = {Journal of the American Medical Informatics Association},
    volume = {29},
    number = {9},
    pages = {1525-1534},
    year = {2022},
    month = {06},
    issn = {1527-974X},
    doi = {10.1093/jamia/ocac093},
    url = {https://doi.org/10.1093/jamia/ocac093},
    eprint = {https://academic.oup.com/jamia/article-pdf/29/9/1525/45444435/ocac093.pdf},
}


@article{tim_morris,
	author = {Morris, Tim P. and White, Ian R. and Crowther, Michael J.},
	journal = {Statistics in Medicine},
	number = {11},
	pages = {2074-2102},
	title = {Using simulation studies to evaluate statistical methods},
	volume = {38},
	year = {2019}}

