@Article{ruben,
    Author = {van den Goorbergh, Ruben and van Smeden, Maarten and Timmerman, Dirk and Van Calster, Ben},
    Title = "{The harm of class imbalance corrections for risk prediction models: illustration and simulation using logistic regression}",
    Journal = {Journal of the American Medical Informatics Association},
    Volume = {29},
    number = {9},
    Pages = {1525--1534},
    Year = {2022},
    month = {06},
    issn = {1527-974X},
    doi = {10.1093/jamia/ocac093},
    url = {https://doi.org/10.1093/jamia/ocac093},
}

@article{kaur,
  title={Empirical Assessment of Ensemble based Approaches to Classify Imbalanced Data in Binary Classification},
  author={Prabhjot Kaur and Anjana Gosain},
  journal={International Journal of Advanced Computer Science and Applications},
  year={2019}
}

@Article{achilles,
	Author = {Van Calster, Ben and McLernon, David J. and van Smeden, Maarten and Wynants, Laure and Steyerberg, Ewout W. and Bossuyt, Patrick and Collins, Gary S. and Macaskill, Petra and McLernon, David J. and Moons, Karel G. M. and Steyerberg, Ewout W. and Vickers, Andrew J. and On behalf of Topic Group `Evaluating diagnostic tests and prediction models'of the STRATOS initiative},
	Journal = {BMC Medicine},
	number = {1},
	Pages = {230},
	title = {Calibration: the Achilles heel of predictive analytics},
	Volume = {17},
	Year = {2019},
}

@article{lp,
	author = {Victoria L{\'o}pez and Alberto Fern{\'a}ndez and Jose G. Moreno-Torres and Francisco Herrera},
	journal = {Expert Systems with Applications},
	number = {7},
	pages = {6585-6608},
	title = {Analysis of preprocessing vs. cost-sensitive learning for imbalanced classification. Open problems on intrinsic data characteristics},
	volume = {39},
	year = {2012}}

@article{summary_m,
	author = {Maheshwari, Satyam and Jain, R.C. and Jadon, R.S.},
	journal = {Journal of Computer Science},
	month = {May},
	number = {6},
	pages = {777-792},
	title = {An Insight into Rare Class Problem: Analysis and Potential Solutions},
	volume = {14},
	year = {2018}}

@misc{yu,
  doi = {10.48550/ARXIV.2104.02240},
  url = {https://arxiv.org/abs/2104.02240},
  author = {Yu, Lian and Zhou, Nengfeng},
  title = {Survey of Imbalanced Data Methodologies},
  publisher = {arXiv},
  year = {2021},
  copyright = {arXiv.org perpetual, non-exclusive license},
}

@Article{mvauc,
	author = {Demler, Olga V. and Pencina, Michael J. and D'Agostino Sr., Ralph B.},
	journal = {Statistics in Medicine},
	number = {12},
	pages = {1410-1418},
	title = {Equivalence of improvement in area under ROC curve and linear discriminant analysis coefficient under assumption of normality},
	volume = {30},
	year = {2011}
}

@Article{riley,
	author = {Riley, Richard D and Ensor, Joie and Snell, Kym I E and Harrell, Frank E and Martin, Glen P and Reitsma, Johannes B and Moons, Karel G M and Collins, Gary and van Smeden, Maarten},
	journal = {BMJ},
	title = {Calculating the sample size required for developing a clinical prediction model},
	volume = {368},
	year = {2020}}
	
@Article{tim_morris,
	author = {Morris, Tim P. and White, Ian R. and Crowther, Michael J.},
	journal = {Statistics in Medicine},
	number = {11},
	pages = {2074-2102},
	title = {Using simulation studies to evaluate statistical methods},
	volume = {38},
	year = {2019},
}	
	
	
@Manual{r,
    title = {R: A Language and Environment for Statistical Computing},
    author = {{R Core Team}},
    organization = {R Foundation for Statistical Computing},
    address = {Vienna, Austria},
    year = {2021},
    url = {https://www.R-project.org/},
}	
	
	
@Article{ROSE,
    title = {{ROSE}: a {P}ackage for {B}inary {I}mbalanced {L}earning},
    author = {Nicola Lunardon and Giovanna Menardi and Nicola Torelli},
    journal = {{R} Journal},
    year = {2014},
    volume = {6},
    number = {1},
    pages = {82--92},
}	

@Manual{smote,
    title = {smotefamily: A Collection of Oversampling Techniques for Class Imbalance
Problem Based on SMOTE},
    author = {Wacharasak Siriseriwan},
    year = {2019},
    note = {R package version 1.3.1},
    url = {https://CRAN.R-project.org/package=smotefamily},
}

@Article{iric,
	author = {Bing Zhu and Zihan Gao and Junkai Zhao and Seppe K.L.M. {vanden Broucke}},
	journal = {SoftwareX},
	pages = {100341},
	title = {IRIC: An R library for binary imbalanced classification},
	volume = {10},
	year = {2019}
}

@Manual{esvm,
    title = {e1071: Misc Functions of the Department of Statistics, Probability
Theory Group (Formerly: E1071), TU Wien},
    author = {David Meyer and Evgenia Dimitriadou and Kurt Hornik and Andreas Weingessel and Friedrich Leisch},
    year = {2022},
    note = {R package version 1.7-12},
    url = {https://CRAN.R-project.org/package=e1071},
}

@Article{rf,
    title = {Classification and Regression by randomForest},
    author = {Andy Liaw and Matthew Wiener},
    journal = {R News},
    year = {2002},
    volume = {2},
    number = {3},
    pages = {18-22},
    url = {https://CRAN.R-project.org/doc/Rnews/},
}

@Manual{xg,
    title = {xgboost: Extreme Gradient Boosting},
    author = {Tianqi Chen and Tong He and Michael Benesty and Vadim Khotilovich and Yuan Tang and Hyunsu Cho and Kailong Chen and Rory Mitchell and Ignacio Cano and Tianyi Zhou and Mu Li and Junyuan Xie and Min Lin and Yifeng Geng and Yutian Li and Jiaming Yuan},
    year = {2022},
    note = {R package version 1.6.0.1},
    url = {https://CRAN.R-project.org/package=xgboost},
}

@Manual{ebmc,
    title = {ebmc: Ensemble-Based Methods for Class Imbalance Problem},
    author = {Hsiang Hao and {Chen}},
    year = {2022},
    note = {R package version 1.0.1},
    url = {https://CRAN.R-project.org/package=ebmc},
}
  
@Article{pROC,
    title = {pROC: an open-source package for R and S+ to analyze and compare ROC curves},
    author = {Xavier Robin and Natacha Turck and Alexandre Hainard and Natalia Tiberti and Frédérique Lisacek and Jean-Charles Sanchez and Markus Müller},
    year = {2011},
    journal = {BMC Bioinformatics},
    volume = {12},
    pages = {77},
}

@Manual{pmsampsize,
    title = {pmsampsize: Calculates the Minimum Sample Size Required for Developing a
Multivariable Prediction Model},
    author = {Joie Ensor and Emma C. Martin and Richard D. Riley},
    year = {2022},
    note = {R package version 1.1.2},
    url = {https://CRAN.R-project.org/package=pmsampsize},
}
  

@article{nature,
	author = {Megahed, Fadel M. and Chen, Ying-Ju and Megahed, Aly and Ong, Yuya and Altman, Naomi and Krzywinski, Martin},
	journal = {Nature Methods},
	number = {11},
	pages = {1270--1272},
	title = {The class imbalance problem},
	volume = {18},
	year = {2021}
}

@article{enn,
  author={Wilson, Dennis L.},
  journal={IEEE Transactions on Systems, Man, and Cybernetics}, 
  title={Asymptotic Properties of Nearest Neighbor Rules Using Edited Data}, 
  year={1972},
  volume={SMC-2},
  number={3},
  pages={408-421},
  doi={10.1109/TSMC.1972.4309137}
}

@article{chawla,
  author = {N. V. Chawla and K. W. Bowyer and L. O. Hall and W. P. Kegelmeyer},
	doi = {10.1613/jair.953},
	url = {https://doi.org/10.1613%2Fjair.953},
	year = 2002,
	month = {jun},
	publisher = {{AI} Access Foundation},
	volume = {16},
	pages = {321--357},
	title = {{SMOTE}: Synthetic Minority Over-sampling Technique},
	journal = {Journal of Artificial Intelligence Research}
}


@article{epi,
	author = {Steyerberg, Ewout W and Vickers, Andrew J and Cook, Nancy R and Gerds, Thomas and Gonen, Mithat and Obuchowski, Nancy and Pencina, Michael J and Kattan, Michael W},
	journal = {Epidemiology (Cambridge, Mass.)},
	month = {01},
	number = {1},
	pages = {128--138},
	title = {Assessing the performance of prediction models: a framework for traditional and novel measures},
	volume = {21},
	year = {2010}}


@article{constanza,
	author = {Navarro, Constanza and Damen, Johanna and van Smeden, Maarten and Takada, Toshihiko and Nijman, Steven and Dhiman, Paula and Ma, Jie and Collins, Gary and Bajpai, Ram and Riley, Richard and Moons, Karel and Hooft, Lotty},
	doi = {10.1016/j.jclinepi.2022.11.015},
	journal = {Journal of Clinical Epidemiology},
	month = {11},
	title = {Systematic review identifies the design and methodological conduct of studies on machine learning-based prediction models},
	year = {2022},
	bdsk-url-1 = {https://doi.org/10.1016/j.jclinepi.2022.11.015}}


@article{nature, 
	author = {de Hond, Anne A. H. and Leeuwenberg, Artuur M. and Hooft, Lotty and Kant, Ilse M. J. and Nijman, Steven W. J. and van Os, Hendrikus J. A. and Aardoom, Jiska J. and Debray, Thomas P. A. and Schuit, Ewoud and van Smeden, Maarten and Reitsma, Johannes B. and Steyerberg, Ewout W. and Chavannes, Niels H. and Moons, Karel G. M.},
	journal = {npj Digital Medicine},
	number = {1},
	pages = {2},
	title = {Guidelines and quality criteria for artificial intelligence-based prediction models in healthcare: a scoping review},
	volume = {5},
	year = {2022}}



@article{cite-key,
	author = {de Hond, Anne A. H. and Leeuwenberg, Artuur M. and Hooft, Lotty and Kant, Ilse M. J. and Nijman, Steven W. J. and van Os, Hendrikus J. A. and Aardoom, Jiska J. and Debray, Thomas P. A. and Schuit, Ewoud and van Smeden, Maarten and Reitsma, Johannes B. and Steyerberg, Ewout W. and Chavannes, Niels H. and Moons, Karel G. M.},
	journal = {npj Digital Medicine},
	number = {1},
	pages = {2},
	title = {Guidelines and quality criteria for artificial intelligence-based prediction models in healthcare: a scoping review},
	volume = {5},
	year = {2022}}
