@Manual{base,
    title = {R: A Language and Environment for Statistical Computing},
    author = {{R Core Team}},
    organization = {R Foundation for Statistical Computing},
    address = {Vienna, Austria},
    year = {2021},
    url = {https://www.R-project.org/},
}

@article{ruben,
    author = {van den Goorbergh, Ruben and van Smeden, Maarten and Timmerman, Dirk and Van Calster, Ben},
    title = "{The harm of class imbalance corrections for risk prediction models: illustration and simulation using logistic regression}",
    journal = {Journal of the American Medical Informatics Association},
    volume = {29},
    number = {9},
    pages = {1525-1534},
    year = {2022},
    month = {06},
    issn = {1527-974X},
    doi = {10.1093/jamia/ocac093},
    url = {https://doi.org/10.1093/jamia/ocac093},
}

@article{lp,
	author = {Victoria L{\'o}pez and Alberto Fern{\'a}ndez and Jose G. Moreno-Torres and Francisco Herrera},
	journal = {Expert Systems with Applications},
	number = {7},
	pages = {6585-6608},
	title = {Analysis of preprocessing vs. cost-sensitive learning for imbalanced classification. Open problems on intrinsic data characteristics},
	volume = {39},
	year = {2012},
}


@article{achilles,
	author = {Van Calster, Ben and McLernon, David J. and van Smeden, Maarten and Wynants, Laure and Steyerberg, Ewout W. and Bossuyt, Patrick and Collins, Gary S. and Macaskill, Petra and McLernon, David J. and Moons, Karel G. M. and Steyerberg, Ewout W. and Vickers, Andrew J. and On behalf of Topic Group `Evaluating diagnostic tests and prediction models'of the STRATOS initiative},
	journal = {BMC Medicine},
	number = {1},
	pages = {230},
	title = {Calibration: the Achilles heel of predictive analytics},
	volume = {17},
	year = {2019},
}

@article{mcc,
	author = {Chicco, Davide and Jurman, Giuseppe},
	journal = {BMC Genomics},
	number = {1},
	pages = {6},
	title = {The advantages of the Matthews correlation coefficient (MCC) over F1 score and accuracy in binary classification evaluation},
	volume = {21},
	year = {2020},
}


@article{myths,
	author = {Wynants, Laure and van Smeden, Maarten and McLernon, David J. and Timmerman, Dirk and Steyerberg, Ewout W. and Van Calster, Ben and on behalf of the Topic Group `Evaluating diagnostic tests and prediction models'of the STRATOS initiative},
	journal = {BMC Medicine},
	number = {1},
	pages = {192},
	title = {Three myths about risk thresholds for prediction models},
	volume = {17},
	year = {2019},
	}

@article{summary_k,
	author = {Krawczyk, Bartosz},
	journal = {Progress in Artificial Intelligence},
	number = {4},
	pages = {221--232},
	title = {Learning from imbalanced data: open challenges and future directions},
	volume = {5},
	year = {2016},
}

@misc{yu,
  doi = {10.48550/ARXIV.2104.02240},
  url = {https://arxiv.org/abs/2104.02240},
  author = {Yu, Lian and Zhou, Nengfeng},
  title = {Survey of Imbalanced Data Methodologies},
  publisher = {arXiv},
  year = {2021},
  copyright = {arXiv.org perpetual, non-exclusive license},
}

@article{summary_lp,
	author = {Victoria L{\'o}pez and Alberto Fern{\'a}ndez and Salvador Garcia and Vasile Palade and Francisco Herrera},
	journal = {Information Sciences},
	pages = {113-141},
	title = {An insight into classification with imbalanced data: Empirical results and current trends on using data intrinsic characteristics},
	volume = {250},
	year = {2013},
}

@article{summary_b,
  author = {Branco, Paula and Torgo, Luis and Ribeiro, Rita P.},
  title = {A Survey of Predictive Modeling on Imbalanced Domains},
  year = {2016},
  issue_date = {June 2017},
  publisher = {Association for Computing Machinery},
  address = {New York, NY, USA},
  volume = {49},
  number = {2},
  issn = {0360-0300},
  url = {https://doi.org/10.1145/2907070},
  doi = {10.1145/2907070},
  month = {aug},
  articleno = {31},
  numpages = {50},
  keywords = {regression, performance metrics, rare cases, Imbalanced domains, classification},
}

@article{summary_h,
	author = {Guo Haixiang and Li Yijing and Jennifer Shang and Gu Mingyun and Huang Yuanyue and Gong Bing},
	journal = {Expert Systems with Applications},
	pages = {220-239},
	title = {Learning from class-imbalanced data: Review of methods and applications},
	volume = {73},
	year = {2017}}

@article{kaur,
  title={Empirical Assessment of Ensemble based Approaches to Classify Imbalanced Data in Binary Classification},
  author={Prabhjot Kaur and Anjana Gosain},
  journal={International Journal of Advanced Computer Science and Applications},
  year={2019},
}

@article{summary_m,
	author = {Maheshwari, Satyam and Jain, R.C. and Jadon, R.S.},
	journal = {Journal of Computer Science},
	month = {May},
	number = {6},
	pages = {777-792},
	title = {An Insight into Rare Class Problem: Analysis and Potential Solutions},
	volume = {14},
	year = {2018},
}
	
@article{hotels,
	author = {Adil, Mohd and Ansari, Mohd Faizan and Alahmadi, Ahmad and Wu, Jei-Zheng and Chakrabortty, Ripon K.},
	journal = {Processes},
	number = {10},
	title = {Solving the Problem of Class Imbalance in the Prediction of Hotel Cancelations: A Hybridized Machine Learning Approach},
	volume = {9},
	year = {2021},
}


@article{tim_morris,
	author = {Morris, Tim P. and White, Ian R. and Crowther, Michael J.},
	journal = {Statistics in Medicine},
	number = {11},
	pages = {2074-2102},
	title = {Using simulation studies to evaluate statistical methods},
	volume = {38},
	year = {2019},
}

@article{stop,
  author={Tarawneh, Ahmad S. and Hassanat, Ahmad B. and Altarawneh, Ghada Awad and Almuhaimeed, Abdullah},
  journal={IEEE Access}, 
  title={Stop Oversampling for Class Imbalance Learning: A Review}, 
  year={2022},
  volume={10},
  number={},
  pages={47643-47660},
  doi={10.1109/ACCESS.2022.3169512},
}

@misc{to_smote,
  doi = {10.48550/ARXIV.2201.08528},
  url = {https://arxiv.org/abs/2201.08528},
  author = {Elor, Yotam and Averbuch-Elor, Hadar},
  keywords = {Machine Learning (cs.LG), FOS: Computer and information sciences, FOS: Computer and information sciences},
  title = {To SMOTE, or not to SMOTE?},
  publisher = {arXiv},
  year = {2022},
  copyright = {Creative Commons Attribution 4.0 International}
}

@article{pre_ensemble,
	author = {Y{\"u}ksel {\"O}zkan and Mert Demirarslan and AslÄ± Suner},
	journal = {Communications in Statistics - Simulation and Computation},
	number = {0},
	pages = {1-21},
	title = {Effect of data preprocessing on ensemble learning for classification in disease diagnosis},
	volume = {0},
	year = {2022},
}

@article{bow,
	author = {Bouwmeester, Walter AND Zuithoff, Nicolaas P. A. AND Mallett, Susan AND Geerlings, Mirjam I. AND Vergouwe, Yvonne AND Steyerberg, Ewout W. AND Altman, Douglas G. AND Moons, Karel G. M.},
	journal = {PLOS Medicine},
	month = {05},
	number = {5},
	pages = {1-13},
	title = {Reporting and Methods in Clinical Prediction Research: A Systematic Review},
	volume = {9},
	year = {2012},
}
	
@inproceedings{rusboost,
  author={Seiffert, Chris and Khoshgoftaar, Taghi M. and Van Hulse, Jason and Napolitano, Amri},
  booktitle={2008 19th International Conference on Pattern Recognition}, 
  title={RUSBoost: Improving classification performance when training data is skewed}, 
  year={2008},
  volume={},
  number={},
  pages={1-4},
  doi={10.1109/ICPR.2008.4761297},
}
  

@article{riley,
	author = {Riley, Richard D and Ensor, Joie and Snell, Kym I E and Harrell, Frank E and Martin, Glen P and Reitsma, Johannes B and Moons, Karel G M and Collins, Gary and van Smeden, Maarten},
	journal = {BMJ},
	title = {Calculating the sample size required for developing a clinical prediction model},
	volume = {368},
	year = {2020}}

@inproceedings{read_rf,
  title={Using Random Forest to Learn Imbalanced Data},
  author={Chao Chen},
  year={2004}
}

@article{read_smote,
	doi = {10.1613/jair.953},
	url = {https://doi.org/10.1613%2Fjair.953},
	year = 2002,
	month = {jun},
	publisher = {{AI} Access Foundation},
	volume = {16},
	pages = {321--357},
	author = {N. V. Chawla and K. W. Bowyer and L. O. Hall and W. P. Kegelmeyer},
	title = {{SMOTE}: Synthetic Minority Over-sampling Technique},
	journal = {Journal of Artificial Intelligence Research}
}

@article{reality,
	author = {Wilkinson, Jack and Arnold, Kellyn F and Murray, Eleanor J and van Smeden, Maarten and Carr, Kareem and Sippy, Rachel and de Kamps, Marc and Beam, Andrew and Konigorski, Stefan and Lippert, Christoph and Gilthorpe, Mark S and Tennant, Peter W G},
	journal = {The Lancet Digital Health},
	month = {2022/10/07},
	number = {12},
	pages = {e677--e680},
	title = {Time to reality check the promises of machine learning-powered precision medicine},
	volume = {2},
	year = {2020},
}

@article{old_wine,
	author = {Faes, Livia and Sim, Dawn A. and van Smeden, Maarten and Held, Ulrike and Bossuyt, Patrick M. and Bachmann, Lucas M.},
	journal = {Frontiers in Digital Health},
	title = {Artificial Intelligence and Statistics: Just the Old Wine in New Wineskins?},
	volume = {4},
	year = {2022},
}


@article{econ_ml,
	author = {Athey, Susan and Imbens, Guido W.},
	journal = {Annual Review of Economics},
	number = {1},
	pages = {685-725},
	title = {Machine Learning Methods That Economists Should Know About},
	volume = {11},
	year = {2019},
}


@article{1per10,
	author = {van Smeden, Maarten and de Groot, Joris A. H. and Moons, Karel G. M. and Collins, Gary S. and Altman, Douglas G. and Eijkemans, Marinus J. C. and Reitsma, Johannes B.},
	journal = {BMC Medical Research Methodology},
	number = {1},
	pages = {163},
	title = {No rationale for 1 variable per 10 events criterion for binary logistic regression analysis},
	volume = {16},
	year = {2016}}
	
@unknown{read_xg,
author = {Malik, Shubham and Harode, Rohan and Singh, Akash},
year = {2020},
month = {02},
pages = {},
title = {XGBoost: A Deep Dive into Boosting ( Introduction Documentation )},
doi = {10.13140/RG.2.2.15243.64803}
}

@article{read_smote,
	doi = {10.1613/jair.953},
	url = {https://doi.org/10.1613%2Fjair.953},
	year = 2002,
	month = {jun},
	publisher = {{AI} Access Foundation},
	volume = {16},
	pages = {321--357},
	author = {N. V. Chawla and K. W. Bowyer and L. O. Hall and W. P. Kegelmeyer},
	title = {{SMOTE}: Synthetic Minority Over-sampling Technique},
	journal = {Journal of Artificial Intelligence Research}
}


@inproceedings{read_svm,
	address = {Berlin, Heidelberg},
	author = {Akbani, Rehan and Kwek, Stephen and Japkowicz, Nathalie},
	booktitle = {Machine Learning: ECML 2004},
	editor = {Boulicaut, Jean-Fran{\c{c}}ois and Esposito, Floriana and Giannotti, Fosca and Pedreschi, Dino},
	pages = {39--50},
	publisher = {Springer Berlin Heidelberg},
	title = {Applying Support Vector Machines to Imbalanced Datasets},
	year = {2004}}


@article{read_auroc,
	author = {Andrew P. Bradley},
	journal = {Pattern Recognition},
	number = {7},
	pages = {1145-1159},
	title = {The use of the area under the ROC curve in the evaluation of machine learning algorithms},
	volume = {30},
	year = {1997}}
	
	@ARTICLE{read_easy,
  author={Liu, Xu-Ying and Wu, Jianxin and Zhou, Zhi-Hua},
  journal={IEEE Transactions on Systems, Man, and Cybernetics, Part B (Cybernetics)}, 
  title={Exploratory Undersampling for Class-Imbalance Learning}, 
  year={2009},
  volume={39},
  number={2},
  pages={539-550},
  doi={10.1109/TSMCB.2008.2007853}}
  
  

@article{read_enn,
author = {Batista, Gustavo E. A. P. A. and Prati, Ronaldo C. and Monard, Maria Carolina},
title = {A Study of the Behavior of Several Methods for Balancing Machine Learning Training Data},
year = {2004},
issue_date = {June 2004},
publisher = {Association for Computing Machinery},
address = {New York, NY, USA},
volume = {6},
number = {1},
issn = {1931-0145},
url = {https://doi.org/10.1145/1007730.1007735},
doi = {10.1145/1007730.1007735},
month = {jun},
pages = {20â29},
numpages = {10}
}

@ARTICLE{read_enns,
  author={Wilson, Dennis L.},
  journal={IEEE Transactions on Systems, Man, and Cybernetics}, 
  title={Asymptotic Properties of Nearest Neighbor Rules Using Edited Data}, 
  year={1972},
  volume={SMC-2},
  number={3},
  pages={408-421},
  doi={10.1109/TSMC.1972.4309137}}
  
  
@inproceedings{something_smote,
	address = {Berlin, Heidelberg},
	author = {Han, Hui and Wang, Wen-Yuan and Mao, Bing-Huan},
	booktitle = {Advances in Intelligent Computing},
	editor = {Huang, De-Shuang and Zhang, Xiao-Ping and Huang, Guang-Bin},
	pages = {878--887},
	publisher = {Springer Berlin Heidelberg},
	title = {Borderline-SMOTE: A New Over-Sampling Method in Imbalanced Data Sets Learning},
	year = {2005}}
	

@article{read_netben,
	author = {Vickers, Andrew J and Van Calster, Ben and Steyerberg, Ewout W},
	journal = {BMJ},
	title = {Net benefit approaches to the evaluation of prediction models, molecular markers, and diagnostic tests},
	volume = {352},
	year = {2016}}


@article{read_nog,
	author = {Ben Van Calster and Maarten van Smeden and Bavo De Cock and Ewout W Steyerberg},
	journal = {Statistical Methods in Medical Research},
	number = {11},
	pages = {3166-3178},
	title = {Regression shrinkage methods for clinical prediction models do not guarantee improved performance: Simulation study},
	volume = {29},
	year = {2020}}



@article{read_tr,
	journal = {Annals of Internal Medicine},
	number = {1},
	pages = {W1-W73},
	title = {Transparent Reporting of a multivariable prediction model for Individual Prognosis Or Diagnosis (TRIPOD): Explanation and Elaboration},
	volume = {162},
	year = {2015}}

